<?xml version="1.0" encoding="UTF-8"?><record xmlns="http://www.loc.gov/MARC21/slim" xmlns:cinclude="http://apache.org/cocoon/include/1.0" xmlns:zs="http://www.loc.gov/zing/srw/">
  <leader>01289cz  a2200289n  4500</leader>
  <controlfield tag="001">no 93009700 </controlfield>
  <controlfield tag="003">DLC</controlfield>
  <controlfield tag="005">20161114074026.0</controlfield>
  <controlfield tag="008">930405n| azannaab           |a aaa     c</controlfield>
  <datafield tag="010" ind1=" " ind2=" ">
    <subfield code="a">no 93009700 </subfield>
  </datafield>
  <datafield tag="040" ind1=" " ind2=" ">
    <subfield code="a">InU-Mu</subfield>
    <subfield code="b">eng</subfield>
    <subfield code="e">rda</subfield>
    <subfield code="c">InU-Mu</subfield>
    <subfield code="d">DLC</subfield>
  </datafield>
  <datafield tag="046" ind1=" " ind2=" ">
    <subfield code="f">1908-09-24</subfield>
    <subfield code="g">2005-02-22</subfield>
    <subfield code="2">edtf</subfield>
  </datafield>
  <datafield tag="100" ind1="1" ind2=" ">
    <subfield code="a">Rittman, Trude</subfield>
  </datafield>
  <datafield tag="370" ind1=" " ind2=" ">
    <subfield code="a">Mannheim (Germany)</subfield>
    <subfield code="b">Lexington (Mass.)</subfield>
    <subfield code="2">naf</subfield>
  </datafield>
  <datafield tag="372" ind1=" " ind2=" ">
    <subfield code="a">Music</subfield>
    <subfield code="2">lcsh</subfield>
  </datafield>
  <datafield tag="374" ind1=" " ind2=" ">
    <subfield code="a">Pianists</subfield>
    <subfield code="a">Composers</subfield>
    <subfield code="a">Arrangers (Musicians)</subfield>
    <subfield code="2">lcsh</subfield>
  </datafield>
  <datafield tag="400" ind1="1" ind2=" ">
    <subfield code="a">Rittman, Trudi</subfield>
  </datafield>
  <datafield tag="400" ind1="1" ind2=" ">
    <subfield code="a">Rittman, Trudy</subfield>
  </datafield>
  <datafield tag="400" ind1="1" ind2=" ">
    <subfield code="a">Rittmann, Trude</subfield>
  </datafield>
  <datafield tag="400" ind1="1" ind2=" ">
    <subfield code="a">Rittman, T.</subfield>
    <subfield code="q">(Trude)</subfield>
  </datafield>
  <datafield tag="670" ind1=" " ind2=" ">
    <subfield code="a">Rodgers, R. The sound of music, c1960:</subfield>
    <subfield code="b">t.p. (Trude Rittman)</subfield>
  </datafield>
  <datafield tag="670" ind1=" " ind2=" ">
    <subfield code="a">Her The cherry tree legend, c1956:</subfield>
    <subfield code="b">t.p. (Trudy Rittman)</subfield>
  </datafield>
  <datafield tag="670" ind1=" " ind2=" ">
    <subfield code="a">Loewe, F. Lerner and Loewe's Gigi, c1975:</subfield>
    <subfield code="b">t.p. (Trude Rittmann)</subfield>
  </datafield>
  <datafield tag="670" ind1=" " ind2=" ">
    <subfield code="a">Cohen, A. Int'l enc. of women comp., 2nd ed.</subfield>
    <subfield code="b">(Rittman, Trude; b. 9-24-08; German pianist, composer)</subfield>
  </datafield>
  <datafield tag="670" ind1=" " ind2=" ">
    <subfield code="a">LC data base, 2-24-93</subfield>
    <subfield code="b">(hdg.: Rittman, Trude; usage: Trudi Rittman)</subfield>
  </datafield>
  <datafield tag="670" ind1=" " ind2=" ">
    <subfield code="a">Jewish holiday dances [SR] 1947?:</subfield>
    <subfield code="b">labels (R. Rittman) container (Trude Rittman)</subfield>
  </datafield>
  <datafield tag="670" ind1=" " ind2=" ">
    <subfield code="a">New York times, Mar. 10, 2005</subfield>
    <subfield code="b">(Trude Rittman, 96, choral and dance-music arranger, pianist, composer; d. Feb. 22, 2005, Lexington, Mass.; b. Mannheim, Germany)</subfield>
  </datafield>
</record>